<?xml version="1.0" encoding="UTF-8"?><collection xmlns="http://www.loc.gov/MARC21/slim"><record><leader>00551nam--2200157-i-4500</leader><controlfield tag="001">000010917</controlfield><controlfield tag="002">20161230</controlfield><controlfield tag="005">20170212005311</controlfield><controlfield tag="008">060222s1000------------r-----000-0-eng-d</controlfield><datafield ind1=" " ind2=" " tag="100"><subfield code="a">Bull, Honeywell</subfield></datafield><datafield ind1=" " ind2=" " tag="245"><subfield code="a">Instruire in programare. I: Construirea progra melor. II: Exploatarea datelor. Traducere din limba franceza dupa editia a doua (sect.I) si, respectiv, intiia (sect.II), din 1972</subfield></datafield><datafield ind1=" " ind2=" " tag="260"><subfield code="a">Bucuresti</subfield><subfield code="b">Editura Tehnica</subfield><subfield code="c">1973</subfield></datafield><datafield ind1=" " ind2=" " tag="300"><subfield code="a">415 p</subfield></datafield><datafield ind1=" " ind2=" " tag="700"><subfield code="a">Flanagan, Brendan M</subfield></datafield><datafield ind1=" " ind2=" " tag="852"><subfield code="a">519.5:681.2.06</subfield></datafield><datafield ind1=" " ind2=" " tag="CAT"><subfield code="a">SYS</subfield><subfield code="c">20170212</subfield><subfield code="h">005311</subfield></datafield></record></collection>